@misc{Rigol,
  title   = {Dho900 Seriesrigol digital oscilloscopes},
  url     = {https://www.rigolna.com/products/rigol-digital-oscilloscopes/dho900/},
  journal = {Rigol},
  author  = {Rigol Technologies, Inc.}
} 