@misc{nv,
  title   = {The nitrogen-vacancy colour centre in diamond},
  url     = {arXiv:1302.3288v1},
  journal = {Physics Reports},
  volume  = {528},
  number  = {1},
  pages   = {1--45},
  year    = {2013},
  author  = {Marcus W. Doherty and Neil B. Manson and Paul Delaney and Fedor Jelezko and JÃ¶rg Wrachtrup and Lloyd C.L. Hollenberg}
}
@misc{nvphonon,
  title   = {Phonon-induced population dynamics and intersystem crossing in nitrogen-vacancy centers},
  url     = {DOI:10.1103/PhysRevLett.114.145502},
  journal = {Phys Rev Lett.},
  volume  = {114},
  number  = {14},
  pages   = {1--45},
  year    = {2015},
  author  = {Goldman, M. L. and Sipahigil, A. and Doherty, M. W. and Yao, N. Y. and Bennett, S. D. and Markham, M. and Twitchen, D. J. and Manson, N. B. and Kubanek, A. and Lukin, M. D.}
} 
@article{sixelectron,
  title     = {Electronic structure of the N-V center in diamond: Theory},
  author    = {Lenef, A. and Rand, S. C.},
  journal   = {Phys. Rev. B},
  volume    = {53},
  issue     = {20},
  pages     = {13441--13455},
  numpages  = {0},
  year      = {1996},
  month     = {May},
  publisher = {American Physical Society},
  doi       = {10.1103/PhysRevB.53.13441},
  url       = {https://link.aps.org/doi/10.1103/PhysRevB.53.13441}
}
@article{preference,
  title     = {Nitrogen-vacancy center in diamond: Model of the electronic structure and associated dynamics},
  author    = {Manson, N. B. and Harrison, J. P. and Sellars, M. J.},
  journal   = {Phys. Rev. B},
  volume    = {74},
  issue     = {10},
  pages     = {104303},
  numpages  = {11},
  year      = {2006},
  month     = {Sep},
  publisher = {American Physical Society},
  doi       = {10.1103/PhysRevB.74.104303},
  url       = {https://link.aps.org/doi/10.1103/PhysRevB.74.104303}
}
@article{lowtemp,
  title     = {Anticrossing spin dynamics of diamond nitrogen-vacancy centers at zero magnetic field},
  author    = {Broadway, David A. and Tetienne, Jean-Philippe and Wood, Joel D. and Stacey, Alastair and Hall, Liam T. and Simpson, David A. and Hollenberg, Lloyd CL},
  journal   = {Physical Review B},
  volume    = {94},
  number    = {19},
  pages     = {195207},
  year      = {2016},
  publisher = {American Physical Society}
}
@article{rabi,
  title     = {Space Quantization in a Gyrating Magnetic Field},
  author    = {Rabi, I. I.},
  journal   = {Phys. Rev.},
  volume    = {51},
  issue     = {8},
  pages     = {652--654},
  numpages  = {0},
  year      = {1937},
  month     = {Apr},
  publisher = {American Physical Society},
  doi       = {10.1103/PhysRev.51.652},
  url       = {https://link.aps.org/doi/10.1103/PhysRev.51.652}
}
@manual{photoncounter,
  title        = {SR400 Dual-Channel Gated Photon Counter Manual},
  author       = {Stanford Research Systems},
  organization = {Stanford Research Systems},
  address      = {1290-D Reamwood Avenue, Sunnyvale, CA 94089},
  year         = {2021},
  note         = {Version 1.3}
}
@manual{signalgenerator,
  title        = {MG3700A Vector Signal Generator},
  author       = {Anritsu Corporation},
  organization = {Anritsu Corporation},
  address      = {490 Jarvis Drive, Morgan Hill, CA 95037, USA},
  year         = {2024},
  note         = {Product information and specifications}
}
@manual{functiongenerator,
  title        = {AFG3000C Arbitrary/Function Generator},
  author       = {Tektronix},
  organization = {Tektronix},
  address      = {14150 SW Karl Braun Drive, P.O. Box 500, Beaverton, OR 97077, USA},
  year         = {2024},
  note         = {Product information and specifications},
  url          = {https://www.tek.com/en/products/signal-generators/arbitrary-function-generator/afg3000}
}
@manual{pulseblaster,
  title        = {PulseBlaster Programmable Pulse Generator},
  author       = {SpinCore Technologies},
  organization = {SpinCore Technologies},
  address      = {4631 NW 53rd Avenue, Suite 103, Gainesville, FL 32653, USA},
  year         = {2024},
  note         = {Product information and specifications},
  url          = {https://spincore.com/products/PulseBlaster/PulseBlaster-Programmable-Pulse-Generator.shtml}
}




